<?xml version="1.0" encoding="UTF-8"?><collection xmlns="http://www.loc.gov/MARC21/slim"><record><leader>00394nam--2200145-i-4500</leader><controlfield tag="001">000004326</controlfield><controlfield tag="002">20161230</controlfield><controlfield tag="005">20170306231545</controlfield><controlfield tag="008">060222s1000------------r-----000-0-eng-d</controlfield><datafield ind1=" " ind2=" " tag="100"><subfield code="a">Bonner, Francis T</subfield></datafield><datafield ind1=" " ind2=" " tag="245"><subfield code="a">Principles of physical science</subfield></datafield><datafield ind1=" " ind2=" " tag="260"><subfield code="a">Reading, Mass</subfield><subfield code="b">Addison-wesley Publ.Co., Inc</subfield><subfield code="c">1957</subfield></datafield><datafield ind1=" " ind2=" " tag="300"><subfield code="a">XVI + 736 p</subfield></datafield><datafield ind1=" " ind2=" " tag="700"><subfield code="a">Phillips, Melba</subfield></datafield><datafield ind1=" " ind2=" " tag="CAT"><subfield code="a">SYS</subfield><subfield code="c">20170306</subfield><subfield code="h">231545</subfield></datafield></record></collection>